@article{Wickham,
	author = "Charu Aggarwal and Alexander Hinneburg and Daniel Keim",
	title = "On the Surprising Behavior of Distance Metrics in High Dimensional Space"
}